<?xml version="1.0" encoding="UTF-8"?><record xmlns="http://www.loc.gov/MARC21/slim" xmlns:cinclude="http://apache.org/cocoon/include/1.0" xmlns:zs="http://www.loc.gov/zing/srw/">
  <leader>00900cz  a2200169n  4500</leader>
  <controlfield tag="001">n  78080746 </controlfield>
  <controlfield tag="003">DLC</controlfield>
  <controlfield tag="005">20120808080214.0</controlfield>
  <controlfield tag="008">781102n| aaannaabn          |b ana      </controlfield>
  <datafield tag="010" ind1=" " ind2=" ">
    <subfield code="a">n  78080746 </subfield>
  </datafield>
  <datafield tag="035" ind1=" " ind2=" ">
    <subfield code="a">(OCoLC)oca00216055</subfield>
  </datafield>
  <datafield tag="040" ind1=" " ind2=" ">
    <subfield code="a">DLC</subfield>
    <subfield code="b">eng</subfield>
    <subfield code="c">DLC</subfield>
    <subfield code="d">OCoLC</subfield>
    <subfield code="d">DLC</subfield>
  </datafield>
  <datafield tag="110" ind1="1" ind2=" ">
    <subfield code="a">Iran.</subfield>
    <subfield code="b">Daftar-i Barʼrasīhā va Hamāhangī-i Umūr-i Pizhūhishī</subfield>
  </datafield>
  <datafield tag="410" ind1="1" ind2=" ">
    <subfield code="a">Iran.</subfield>
    <subfield code="b">Barʼrasīhā va Hamāhangī-i Umūr-i Pizhūhishī, Daftar-i</subfield>
  </datafield>
  <datafield tag="410" ind1="1" ind2=" ">
    <subfield code="a">Iran.</subfield>
    <subfield code="b">Vizārat-i ʻUlūm va Āmūzish-i ʻĀlī.</subfield>
    <subfield code="b">Daftar-i Barʼrasīhā va Hamāhangī-i Umūr-i Pizhūhishī</subfield>
  </datafield>
  <datafield tag="667" ind1=" " ind2=" ">
    <subfield code="a">THIS 1XX FIELD CANNOT BE USED UNDER RDA UNTIL THIS RECORD HAS BEEN REVIEWED AND/OR UPDATED</subfield>
  </datafield>
  <datafield tag="670" ind1=" " ind2=" ">
    <subfield code="a">Its Rāhnamā-yi aʻz̤ā-yi hayʼat-i ... 2535, 1976:</subfield>
    <subfield code="b">t.p. (Vizārat-i ʻUlūm va Āmūzish-i ʻĀlī) verso of t.p. (Daftar-i Barʼrasīhā va Hamāhangī-i Umūr-i Pizhūhishī)</subfield>
  </datafield>
</record>